Date,Spotify Streams,Spotify Revenue,Apple Music Streams,Apple Music Revenue,Amazon Music Streams,Amazon Music Revenue,YouTube Music Streams,YouTube Music Revenue,Tidal Streams,Tidal Revenue,Pandora Streams,Pandora Revenue,Deezer Streams,Deezer Revenue,Total Revenue,Royalty %
1/1/24,492,1.55517628,830,5.621935158,333,1.202958656,211,0.381117532,174,1.964290598,1194,1.401826145,118,0.68203782,12.80934219,90.31221138
1/2/24,516,1.682599781,786,5.492206928,271,1.009932538,209,0.389438931,161,1.874990067,1271,1.539401782,100,0.596270133,12.58484016,93.16720828
1/3/24,474,1.396818203,768,4.849712387,276,0.929528207,188,0.316578447,146,1.53658422,1246,1.363813216,110,0.592742625,10.98577731,84.19639561
1/4/24,506,1.567898315,831,5.517744916,300,1.062381693,193,0.341732778,156,1.726370251,1174,1.351172449,95,0.538273391,12.10557379,88.53180772
1/5/24,524,1.534870523,809,5.077877263,300,1.004277333,214,0.358192249,153,1.600566999,1176,1.279449322,91,0.487409265,11.34264295,83.68977771
1/6/24,477,1.616455662,811,5.889243226,288,1.115397977,204,0.395036784,150,1.815426395,1213,1.526797804,93,0.576288955,12.9346468,96.82274108
1/7/24,487,1.447735405,811,5.166236787,296,1.005643133,198,0.336346859,147,1.560700386,1174,1.296294383,91,0.494667703,11.30762466,84.93607542
1/8/24,496,1.653613976,825,5.893857416,327,1.245925737,207,0.394352642,159,1.893178443,1213,1.502064446,112,0.682782545,13.2657752,95.25426127
1/9/24,507,1.668749768,823,5.804653674,305,1.147294853,229,0.430705773,147,1.727995322,1236,1.511043746,90,0.541673636,12.83211677,94.04056175
1/10/24,486,1.40018061,877,5.414278639,318,1.04704864,200,0.329260579,138,1.419936245,1215,1.30016771,94,0.49520791,11.40608033,82.31514464
1/11/24,497,1.337719592,811,4.677596677,307,0.944363127,208,0.319914545,170,1.634178864,1209,1.208677139,96,0.472489174,10.59493912,76.90253476
1/12/24,479,1.377789009,758,4.672073077,287,0.943454686,190,0.312293363,159,1.633376472,1176,1.256405509,103,0.541746803,10.73713892,82.18246398
1/13/24,506,1.678669292,816,5.800935102,305,1.15639556,206,0.390520468,164,1.943123686,1175,1.447864112,119,0.721894146,13.13940237,94.78652127
1/14/24,507,1.36333018,783,4.51178162,276,0.848191896,185,0.284267211,180,1.728651962,1200,1.198532027,91,0.447451957,10.38220685,76.82897607
1/15/24,487,1.461320525,746,4.796766407,298,1.021938437,198,0.339503038,144,1.543195627,1297,1.445545637,103,0.565152532,11.1734222,85.73309038
1/16/24,512,1.687757612,787,5.559145816,276,1.039779243,216,0.406870139,149,1.754156558,1179,1.443541346,97,0.584687458,12.47593817,94.18290244
1/17/24,470,1.325941134,821,4.963211266,313,1.00916614,204,0.328865643,140,1.410575674,1176,1.232278909,106,0.546819736,10.8168585,80.60432425
1/18/24,484,1.512170938,822,5.503266724,270,0.964075922,216,0.385630369,162,1.807642354,1188,1.378628569,95,0.542739038,12.09415391,89.26628911
1/19/24,487,1.318753705,799,4.636334162,336,1.039838651,199,0.30792841,143,1.382969932,1213,1.220030929,98,0.485258037,10.39111383,77.36894722
1/20/24,503,1.290065939,815,4.479141183,309,0.905720818,183,0.268198883,165,1.511366657,1236,1.177437064,122,0.572157617,10.20408816,73.27838336
1/21/24,545,1.789836373,794,5.587667418,305,1.144744626,190,0.356559802,135,1.583407014,1136,1.385703987,94,0.564490465,12.41240968,93.83152675
1/22/24,506,1.29228203,768,4.203017781,307,0.896060041,203,0.296254378,176,1.605319291,1153,1.093733221,100,0.467001976,9.853668718,72.9690587
1/23/24,464,1.269017016,816,4.782256241,306,0.956451248,194,0.303188794,144,1.406545953,1264,1.284020173,105,0.525110489,10.52658991,78.14144185
1/24/24,446,1.493147742,752,5.394845142,312,1.193752968,176,0.336699555,155,1.853282352,1240,1.541930916,102,0.624424629,12.4380833,95.65328266
1/25/24,493,1.387199826,813,4.902028943,327,1.051554548,219,0.352126064,133,1.336551557,1221,1.27609521,87,0.44763423,10.75319038,80.39407861
1/26/24,524,1.819169551,865,6.435039511,302,1.198231635,207,0.410652232,144,1.785444489,1163,1.499674179,114,0.723700166,13.87191176,99.19136049
1/27/24,485,1.68717971,794,5.918795389,289,1.148971867,186,0.369738352,159,1.975416597,1214,1.568605018,108,0.686997712,13.35570465,99.39203004
1/28/24,472,1.289357596,793,4.641921489,304,0.949067092,191,0.298144432,176,1.717062173,1186,1.203348391,98,0.489518816,10.58841999,78.04828061
1/29/24,519,1.293881082,792,4.231023192,277,0.789221161,221,0.314833712,165,1.469105275,1235,1.143587161,110,0.501454601,9.743106184,71.22934667
1/30/24,514,1.639822654,841,5.749406,292,1.064654175,217,0.39559924,157,1.788856009,1232,1.459888807,101,0.589205872,12.68743276,91.15189853
1/31/24,519,1.517315095,774,4.848892994,308,1.029084611,193,0.322424237,156,1.628827104,1249,1.356270035,101,0.539935303,11.24274938,83.52959508
2/1/24,491,1.254893129,812,4.447075446,310,0.905480058,176,0.2570395,166,1.515218645,1210,1.148645267,123,0.574833792,10.10318584,73.02258532
2/2/24,528,1.685850651,836,5.719850422,309,1.127549461,174,0.317465382,149,1.699078375,1192,1.413633208,94,0.548813718,12.51224122,91.22568457
2/3/24,489,1.214056757,885,4.708327038,290,0.822848868,188,0.26671653,146,1.294568263,1145,1.055871156,111,0.503923997,9.866312608,70.93524727
2/4/24,487,1.638125078,836,6.025839975,297,1.1417381,190,0.365202423,164,1.970170965,1246,1.55672338,105,0.645831653,13.34363157,96.10590071
2/5/24,515,1.336726355,824,4.583061789,318,0.943309805,184,0.272907239,138,1.279252684,1169,1.127003075,90,0.427159157,9.969420104,74.15957587
2/6/24,532,1.374516415,823,4.556499771,329,0.97146273,190,0.280513554,150,1.384112932,1182,1.13430823,80,0.377955105,10.07936874,73.81935636
2/7/24,469,1.235559823,763,4.307335418,291,0.876144766,193,0.290542852,149,1.401906896,1241,1.214333635,101,0.486546372,9.812369763,75.27016894
2/8/24,518,1.791388872,849,6.291598811,293,1.158029652,188,0.371518045,163,2.013212812,1191,1.529844121,108,0.682960832,13.83855315,98.80799075
2/9/24,519,1.649292643,827,5.631564887,311,1.129490805,189,0.343205405,132,1.498118833,1158,1.366829146,108,0.627575599,12.24607732,90.79508081
2/10/24,501,1.649011496,761,5.367398412,294,1.105923878,207,0.389330345,156,1.833802348,1196,1.462151739,90,0.541677001,12.34929522,94.04114606
2/11/24,488,1.399348167,815,5.007913155,296,0.970039947,187,0.306414645,145,1.484964023,1223,1.302589959,119,0.623971642,11.09524154,81.92904957
2/12/24,535,1.499673675,773,4.643181911,325,1.041161964,183,0.293127137,158,1.581765291,1224,1.274382244,111,0.568954968,10.90224719,80.08938183
2/13/24,494,1.331926854,745,4.304303816,280,0.862786626,218,0.335870508,147,1.415509309,1235,1.236789222,98,0.483160511,9.970346846,77.0345202
2/14/24,481,1.421201287,780,4.93853729,307,1.036670734,176,0.297156432,156,1.646179097,1168,1.28182479,88,0.475450291,11.09701992,84.41944085
2/15/24,486,1.472298203,784,5.089425886,292,1.010960788,192,0.33237067,141,1.525529443,1213,1.364883619,122,0.675820363,11.47128897,86.55486201
2/16/24,541,1.6843297,791,5.277151278,295,1.049648295,214,0.38071989,175,1.945852241,1192,1.378419489,92,0.523756708,12.2398776,88.95324531
2/17/24,509,1.384466984,808,4.70944144,309,0.960539541,203,0.315517034,161,1.563985297,1244,1.256783613,118,0.586892768,10.77762668,77.71355512
2/18/24,522,1.798857302,816,6.025728893,293,1.153946775,183,0.360362218,135,1.661506128,1195,1.529570234,105,0.661648663,13.19162021,98.45962243
2/19/24,533,1.400855344,825,4.646364212,310,0.931150161,190,0.285352469,151,1.41737575,1168,1.140208391,95,0.45656395,10.27787028,75.09275495
2/20/24,488,1.690400687,798,5.923330275,299,1.183676359,176,0.348372975,145,1.793823914,1198,1.541352476,74,0.468720003,12.94967669,98.96959524
2/21/24,481,1.185953085,765,4.041821101,300,0.845348204,192,0.270511425,144,1.268022306,1206,1.104447429,111,0.500446137,9.216549687,70.44568368
2/22/24,523,1.545560174,810,5.129351573,294,0.992941144,170,0.287074821,148,1.562024759,1233,1.353388911,96,0.518761088,11.38910247,84.43377075
2/23/24,495,1.386017934,805,4.830062497,280,0.896011594,198,0.316804099,150,1.500019409,1223,1.271936458,101,0.517126691,10.71797868,80.00103514
2/24/24,469,1.370220825,785,4.91451423,314,1.048429702,203,0.338903232,140,1.460789792,1199,1.3011046,92,0.49149316,10.92545554,83.47370242
2/25/24,547,1.667911201,754,4.926632458,289,1.007106476,212,0.369388534,156,1.698838779,1196,1.354540786,92,0.512962191,11.53738043,87.11993737
2/26/24,501,1.456591677,717,4.466964209,290,0.963585027,192,0.318979871,147,1.526368523,1258,1.358488753,93,0.4944188,10.58539686,83.06767474
2/27/24,491,1.416824294,792,4.897257087,305,1.005833947,220,0.362759784,161,1.659213786,1281,1.372963338,100,0.527650595,11.24250283,82.44540551
2/28/24,560,1.802841368,805,5.553395286,346,1.273026762,186,0.342171933,163,1.874127188,1213,1.450459466,92,0.541588264,12.83761027,91.98170246
2/29/24,500,1.585085044,827,5.617994279,294,1.06517715,210,0.380420411,147,1.664339297,1155,1.360002968,96,0.556500715,12.22951986,90.57628825
3/1/24,485,1.6125934,769,5.479017636,302,1.147577513,199,0.378092591,141,1.67434219,1147,1.416517243,101,0.614067967,12.32220854,94.99813846
3/2/24,507,1.375215664,811,4.713862651,303,0.939285086,194,0.300695225,150,1.453101927,1195,1.203943383,103,0.510871888,10.49697582,77.49876944
3/3/24,450,1.390502221,737,4.880000651,314,1.108870342,196,0.346080553,148,1.633288323,1170,1.342827859,97,0.54807859,11.24964854,88.28585529
3/4/24,536,1.642547625,818,5.371551003,297,1.040163422,198,0.346721141,144,1.576005184,1191,1.355627126,105,0.588375269,11.92099077,87.55584356
3/5/24,473,1.342480284,818,4.975002441,287,0.930937702,181,0.293553526,138,1.398839317,1222,1.288229646,102,0.529369453,10.75841237,81.09213433
3/6/24,511,1.512744174,787,4.992436392,264,0.893183029,232,0.39245921,139,1.469607494,1202,1.321674054,98,0.530496587,11.11260094,84.58172626
3/7/24,482,1.339705143,751,4.472963377,303,0.962491187,203,0.322418665,170,1.687536116,1178,1.216137792,93,0.47266894,10.47392122,79.4134643
3/8/24,491,1.276077879,804,4.477596515,304,0.902944836,200,0.297021328,159,1.475824722,1163,1.122666363,101,0.479986466,10.03211811,74.25533193
3/9/24,509,1.361316057,796,4.561917968,297,0.907798751,188,0.287316777,133,1.270383354,1173,1.16523764,109,0.533064317,10.08703486,76.41403632
3/10/24,464,1.188206249,802,4.400899375,299,0.875058296,195,0.285345097,147,1.344414398,1230,1.169914896,104,0.486988965,9.750827275,73.16540939
3/11/24,488,1.54560485,752,5.103753721,306,1.107623148,182,0.329391198,150,1.696726636,1211,1.42461693,119,0.689187737,11.89690422,90.49208726
3/12/24,512,1.609607047,778,5.241103302,306,1.099419099,185,0.332340741,145,1.62802052,1140,1.331159399,107,0.615099836,11.85674994,89.82182179
3/13/24,501,1.727516482,837,6.184479449,295,1.162514656,187,0.368458035,158,1.945734275,1189,1.522795681,90,0.567464781,13.47896336,98.51819115
3/14/24,509,1.637026628,771,5.313559628,299,1.099008615,215,0.395128515,140,1.608081167,1219,1.456186415,114,0.670432011,12.17942298,91.89035241
3/15/24,513,1.284884491,813,4.363454851,328,0.938885242,203,0.290539183,138,1.234433722,1172,1.090309112,118,0.540431505,9.742938106,71.56137516
3/16/24,544,1.837880843,804,5.82059952,302,1.166050451,195,0.376456685,146,1.761624233,1191,1.494533041,100,0.617775073,13.07491985,96.52735522
3/17/24,490,1.644346371,773,5.558657777,277,1.062353224,194,0.372015389,144,1.725844588,1299,1.619129864,110,0.674996994,12.65734421,95.88025489
3/18/24,540,1.574362622,748,4.6731081,277,0.922959675,202,0.336530423,156,1.624342388,1184,1.282147591,115,0.613085127,11.02653593,83.29960962
3/19/24,483,1.480470446,779,5.116621462,288,1.00887427,213,0.373073298,165,1.806252763,1218,1.386676666,121,0.678187704,11.85015661,87.57589152
3/20/24,523,1.817363416,836,6.225003343,337,1.338326078,207,0.411028929,149,1.849133768,1158,1.494596497,105,0.667177392,13.80262942,99.28234997
3/21/24,502,1.51047763,821,5.293549236,298,1.024752041,187,0.32152455,160,1.719382618,1232,1.376881601,87,0.478676121,11.7252438,85.96913092
3/22/24,465,1.581273383,787,5.734848628,299,1.162029472,189,0.367263495,165,2.003917881,1180,1.490429105,88,0.547203176,12.88696514,97.15965485
3/23/24,534,1.354859832,836,4.545195903,304,0.881492539,213,0.308812353,158,1.431700464,1229,1.158191307,96,0.445385704,10.1256381,72.49116273
3/24/24,489,1.296145582,795,4.51549403,289,0.875456788,211,0.319587167,140,1.325302231,1190,1.171567172,104,0.504069237,10.00762221,75.73155606
3/25/24,515,1.500088236,799,4.9871172,314,1.045276463,198,0.329561687,144,1.498007669,1191,1.288536264,100,0.532624949,11.18121247,83.2226483
3/26/24,532,1.630045153,843,5.534887476,300,1.050512451,178,0.311652027,140,1.531997324,1198,1.363390076,102,0.571478773,11.99396328,87.54270425
3/27/24,509,1.683282975,781,5.534566393,304,1.14895992,224,0.423301023,127,1.499978514,1255,1.541552722,102,0.616810063,12.44845161,94.48683556
3/28/24,475,1.65664573,846,6.322656936,319,1.271506738,191,0.380654838,152,1.893309406,1268,1.642595381,95,0.60585901,13.77322804,99.64786345
3/29/24,507,1.449155094,810,4.961181852,304,0.993053026,199,0.325028869,147,1.500604387,1232,1.307955367,98,0.512206298,11.04918489,81.66554489
3/30/24,466,1.164900471,820,4.392481849,283,0.80850235,211,0.30140282,166,1.482016233,1234,1.145759249,104,0.475387954,9.770450926,71.42246908
3/31/24,503,1.655488729,818,5.769056152,321,1.207411263,199,0.374259877,150,1.763158971,1178,1.440054212,104,0.625897926,12.83532713,94.0351451
4/1/24,510,1.573145875,771,5.096199452,320,1.128082196,212,0.373677227,125,1.377053462,1121,1.284339207,94,0.530198632,11.36269605,88.13142157
4/2/24,514,1.366453581,834,4.751065675,266,0.808174881,215,0.326612029,142,1.348224072,1204,1.188867785,84,0.408340992,10.19773901,75.95628577
4/3/24,488,1.449150101,778,4.950697213,297,1.007956862,193,0.327501135,136,1.442362513,1215,1.340124464,106,0.575587487,11.09337978,84.8448537
4/4/24,510,1.647007136,796,5.50847765,306,1.129376322,205,0.37830416,133,1.533977235,1290,1.547356285,96,0.566902624,12.31140141,92.26930737
4/5/24,510,1.662055512,788,5.502940098,310,1.154593185,200,0.372449414,133,1.547992879,1158,1.401713371,111,0.66147016,12.30321462,93.11235361
4/6/24,465,1.38318869,768,4.895340616,310,1.053858049,168,0.285561536,170,1.806006738,1207,1.333555375,92,0.500412596,11.2579236,84.98855236
4/7/24,484,1.340910024,813,4.826563679,290,0.918214656,202,0.319792001,163,1.612812382,1217,1.252333972,125,0.633251487,10.9038782,79.1564359
4/8/24,532,1.847332606,824,6.131318747,317,1.258011678,216,0.428597039,129,1.599797974,1196,1.54255249,93,0.590511475,13.39812201,99.21227746
4/9/24,521,1.639342516,777,5.238973685,309,1.111174856,188,0.338027303,140,1.573265371,1137,1.328824883,114,0.655916808,11.88552542,89.90087833
4/10/24,505,1.453717945,769,4.743602968,289,0.950776772,210,0.345437927,136,1.398201135,1200,1.283055159,97,0.510590156,10.68538206,82.24712558
4/11/24,478,1.311864492,786,4.622499212,312,0.978605431,204,0.319928699,170,1.666295305,1198,1.221218028,100,0.501848939,10.62226011,78.41389673
4/12/24,485,1.560564194,794,5.474615479,313,1.15100228,185,0.340152431,167,1.919103243,1215,1.452083148,110,0.64720895,12.54472973,91.93308949
4/13/24,509,1.376484942,809,4.688084417,313,0.967364102,214,0.330696354,142,1.371462685,1245,1.250542172,106,0.524169175,10.50880385,77.26550337
4/14/24,537,1.412468677,769,4.334351208,308,0.925864012,211,0.317138485,146,1.371511219,1202,1.174314209,116,0.557923249,10.09357106,75.15129967
4/15/24,495,1.488131164,814,5.243890768,320,1.099456213,212,0.364194871,151,1.62126844,1213,1.354478518,101,0.555225388,11.72664536,85.89501667
4/16/24,486,1.338680566,833,4.916758871,272,0.856251885,207,0.325816434,157,1.544480077,1233,1.261476238,97,0.488567252,10.73203132,78.69962178
4/17/24,527,1.639154662,807,5.378684517,270,0.959765267,226,0.401679538,143,1.588500384,1196,1.381706516,81,0.460687328,11.81017821,88.86715435
4/18/24,476,1.22514575,774,4.268890202,295,0.867750291,173,0.254442034,162,1.489147745,1156,1.105131472,95,0.447112014,9.657619509,73.53816025
4/19/24,544,1.706902359,780,5.244421639,292,1.047091363,215,0.385487402,155,1.736934517,1204,1.403174145,93,0.533586284,12.05759771,89.64823314
4/20/24,504,1.384720523,802,4.721708585,301,0.945126706,212,0.332835318,152,1.491479021,1192,1.21641889,105,0.52751258,10.61980162,78.49889584
4/21/24,472,1.156520398,726,3.811896833,269,0.753278419,193,0.270228132,146,1.277633007,1242,1.130337673,100,0.448046643,8.847941105,70.00728803
4/22/24,530,1.369139916,796,4.406342479,316,0.932934153,227,0.335088691,118,1.088669206,1144,1.097673791,113,0.533780047,9.763628284,73.80808173
4/23/24,513,1.759741923,785,5.770248161,261,1.023208336,205,0.401834691,145,1.776403362,1246,1.587541057,105,0.65861686,12.97759439,98.00846134
4/24/24,491,1.650114684,728,5.242726899,295,1.133043542,192,0.368719254,137,1.644353446,1223,1.526632142,121,0.74358383,12.3091738,96.02063917
4/25/24,522,1.40694111,811,4.684028081,286,0.88097462,210,0.323434738,177,1.703807995,1212,1.213342317,109,0.537209698,10.74973856,77.00827096
4/26/24,501,1.63691254,796,5.573064081,295,1.101543654,209,0.390207837,160,1.867023143,1231,1.493898568,119,0.710962413,12.77361224,93.35115714
4/27/24,521,1.60936909,799,5.288809582,291,1.0273132,193,0.34067259,161,1.776175099,1214,1.392874307,108,0.610033406,12.04524727,88.2571478
4/28/24,513,1.779827823,765,5.687419735,285,1.130049411,198,0.39254348,155,1.920588364,1222,1.574733767,98,0.621725431,13.10688801,99.12714134
4/29/24,532,1.512096121,784,4.775040383,293,0.95175975,193,0.313463535,171,1.735824629,1154,1.218284963,108,0.56131087,11.06778025,81.20816979
4/30/24,492,1.557442552,773,5.24348037,277,1.002117508,227,0.410614935,154,1.741043504,1209,1.421505493,93,0.538321607,11.91452597,90.44381838
5/1/24,505,1.270939817,888,4.788944373,300,0.86287286,195,0.28043368,127,1.141508888,1193,1.115191266,100,0.460198859,9.920089742,71.90607167
5/2/24,498,1.427297738,814,4.999227016,304,0.995751032,172,0.281692726,143,1.46373764,1221,1.299799024,94,0.492634721,10.9601399,81.8874204
5/3/24,486,1.682536153,836,6.201941021,268,1.06036376,184,0.36400547,145,1.792825853,1149,1.477486332,107,0.6773667,13.25652529,98.91452984
5/4/24,431,1.299865795,816,5.273568885,286,0.985778236,198,0.341230928,153,1.647990277,1201,1.345363252,104,0.573543701,11.46734107,86.16942623
5/5/24,523,1.439439029,860,5.072046839,318,1.000254818,189,0.297245536,146,1.435114028,1203,1.229794427,106,0.533469237,11.00736391,78.6363851
5/6/24,470,1.21085372,800,4.416487734,303,0.892130522,207,0.304737654,138,1.269740223,1241,1.187519943,112,0.527623068,9.809092865,73.60812889
5/7/24,519,1.654937769,836,5.712336808,279,1.016741288,211,0.384466688,143,1.628517072,1197,1.417698135,93,0.54226202,12.35695978,91.10585021
5/8/24,508,1.588566214,816,5.467955696,288,1.029262249,222,0.396694825,154,1.719904365,1240,1.440252383,99,0.566094237,12.20872997,89.3456813
5/9/24,450,1.279186042,775,4.720805632,289,0.938881946,211,0.342740641,145,1.472079176,1190,1.256444957,96,0.499004384,10.50914278,81.21816141
5/10/24,503,1.734589675,791,5.845187871,306,1.205985664,207,0.407906916,138,1.69961215,1199,1.535759686,84,0.529687821,12.95872978,98.52824056
5/11/24,501,1.23912979,759,4.022666854,313,0.884739377,196,0.277011051,162,1.430988209,1172,1.076668462,91,0.411559275,9.342763017,70.66608439
5/12/24,521,1.442602133,837,4.966237944,259,0.819597373,221,0.349673783,132,1.305343307,1199,1.23311431,92,0.465809781,10.58237863,79.11171555
5/13/24,496,1.694892988,805,5.894537107,311,1.214543132,192,0.374907205,144,1.757377523,1149,1.458330448,109,0.681081422,13.07566982,97.63208459
5/14/24,525,1.46316566,838,5.004623769,320,1.019239208,190,0.30258664,143,1.423351629,1278,1.322940641,103,0.524908192,11.06081574,79.62806315
5/15/24,494,1.341143545,786,4.572609137,286,0.887373173,185,0.287000065,154,1.493176012,1162,1.171735939,100,0.496432544,10.24947041,77.56758502
5/16/24,474,1.427181498,828,5.342252624,290,0.997908703,197,0.338944852,146,1.569985674,1180,1.319648233,102,0.561581725,11.55750331,86.0266123
5/17/24,503,1.667440894,827,5.874639106,293,1.110048695,181,0.34286487,135,1.598299636,1182,1.455376131,100,0.606169936,12.65483927,94.7140525
5/18/24,510,1.30473509,829,4.544644496,320,0.935608356,201,0.293839499,130,1.187784046,1205,1.14502382,110,0.514584596,9.926219904,73.09440283
5/19/24,503,1.730406388,803,5.919552667,297,1.167692581,200,0.393162485,133,1.634081579,1195,1.526944802,87,0.547282179,12.91912268,98.29062129
5/20/24,495,1.62598913,785,5.525547476,294,1.103701712,204,0.382916921,172,2.017822008,1188,1.449453167,96,0.576627833,12.68205825,93.85218644
5/21/24,491,1.296393569,791,4.475330142,272,0.820760083,184,0.277610028,185,1.744492365,1173,1.150346554,100,0.482800049,10.24773279,75.43750767
5/22/24,447,1.429330937,791,5.419946169,300,1.096322866,202,0.369095365,159,1.815784747,1228,1.458474853,119,0.695799579,12.28475452,91.36023884
5/23/24,527,1.504166909,777,4.752254087,307,1.001418793,193,0.31477822,167,1.7023304,1222,1.295483628,92,0.480159109,11.05059115,81.54876168
5/24/24,498,1.430459887,776,4.776406508,311,1.020936374,207,0.339764999,151,1.549049361,1192,1.27173875,97,0.509483361,10.89783924,82.06884034
5/25/24,499,1.632954844,808,5.666021388,339,1.26784241,215,0.402044422,144,1.68297665,1184,1.439132033,99,0.592407781,12.68337953,93.49870277
5/26/24,476,1.647399847,810,6.007175313,289,1.143093771,206,0.407400202,160,1.977670885,1168,1.501447736,93,0.588554855,13.27274261,98.88354424
5/27/24,493,1.273413413,790,4.372630814,315,0.92987592,196,0.289294731,178,1.642042795,1167,1.119614887,88,0.415639776,10.04251234,73.79967619
5/28/24,509,1.47185583,801,4.963330844,260,0.859236634,214,0.353608922,153,1.580086598,1185,1.272744264,102,0.539336226,11.04019932,82.61890711
5/29/24,492,1.453854435,790,5.002373708,343,1.158355566,203,0.342778688,122,1.287530786,1181,1.296226895,121,0.653812354,11.19493243,84.42824824
5/30/24,500,1.422563704,806,4.91394148,297,0.965717532,187,0.304022186,149,1.514014228,1154,1.219502896,87,0.452619126,10.79238115,81.28935451
5/31/24,510,1.443987776,809,4.908345002,284,0.918974853,204,0.330054349,147,1.486458004,1199,1.260920866,112,0.579860189,10.92860104,80.89567371
6/1/24,459,1.149740884,828,4.444376528,293,0.838777664,201,0.287703601,182,1.628173366,1261,1.173215208,122,0.558803413,10.08079066,71.56806003
6/2/24,545,1.727549476,869,5.902649388,314,1.137510952,185,0.335094787,150,1.698115474,1176,1.384575433,95,0.550642244,12.73613775,90.56615862
6/3/24,493,1.433656393,772,4.810704443,318,1.056859422,191,0.317390172,170,1.765586691,1175,1.269145257,103,0.547705763,11.20104814,83.08643251
6/4/24,497,1.319303146,812,4.618888277,284,0.861585728,197,0.298824627,160,1.516876282,1123,1.107243842,105,0.509670431,10.23239233,75.84381408
6/5/24,546,1.805532007,778,5.512966646,299,1.129992821,168,0.317456177,144,1.700658091,1233,1.51443603,86,0.520023452,12.50106522,94.48100507
6/6/24,478,1.573905239,788,5.559940206,284,1.068712703,208,0.391359581,164,1.92857486,1201,1.468821429,93,0.559945247,12.55125927,94.07682244
6/7/24,466,1.379691424,799,5.069160549,305,1.032019336,188,0.318064976,154,1.628391165,1159,1.27454388,105,0.568456552,11.27032788,84.59174884
6/8/24,465,1.284968535,782,4.630623938,278,0.877963141,189,0.298444305,162,1.598808777,1188,1.21935816,89,0.449719249,10.35988611,78.95351983
6/9/24,459,1.432078789,827,5.52908104,313,1.116067628,194,0.345873993,146,1.626855767,1204,1.39526282,93,0.530577837,11.97579787,89.14278177
6/10/24,526,1.447846425,784,4.624300368,307,0.965755247,215,0.338171626,146,1.435263294,1191,1.217653786,95,0.47815895,10.50714969,78.64456407
6/11/24,523,1.410953755,818,4.728872596,311,0.95887816,194,0.299071323,148,1.425984401,1214,1.216480315,78,0.384784548,10.4250251,77.08023791
6/12/24,469,1.508791941,793,5.466670771,325,1.194900715,214,0.393398082,145,1.665967343,1197,1.430296156,107,0.629436931,12.28946194,91.91543962
6/13/24,508,1.266109483,771,4.11770421,293,0.834578354,187,0.266324492,137,1.219467092,1150,1.06458587,92,0.41928305,9.188052551,71.20975719
6/14/24,516,1.315545558,771,4.212149605,275,0.801273595,199,0.289915355,152,1.384018028,1231,1.165707395,105,0.489505324,9.658114861,72.84305413
6/15/24,485,1.191706878,818,4.306993634,288,0.808745993,216,0.303279747,142,1.246114703,1201,1.096089513,110,0.494233662,9.44716413,70.20364522
6/16/24,517,1.349675209,805,4.503268347,292,0.871191293,195,0.290894353,149,1.389207005,1212,1.175213185,90,0.429628583,10.00907797,74.58829559
6/17/24,492,1.241040238,828,4.475528386,277,0.798532279,215,0.309899711,180,1.621568256,1208,1.131782573,99,0.456633621,10.03498506,72.06970026
6/18/24,489,1.709344726,865,6.479330358,300,1.198488852,198,0.395501321,149,1.860154573,1122,1.4567632,95,0.607234352,13.70681738,99.87407103
6/19/24,527,1.450962997,829,4.890952796,301,0.947118161,227,0.357135918,151,1.484788645,1165,1.19137081,104,0.523589575,10.8459189,78.6642991
6/20/24,517,1.347680141,776,4.33462195,309,0.920548579,227,0.338130303,141,1.312675462,1226,1.187031008,98,0.467126269,9.907813712,74.47804038
6/21/24,467,1.262322515,809,4.685923439,315,0.973096586,201,0.310464149,133,1.283946884,1156,1.160610753,94,0.464615005,10.14097933,77.22988774
6/22/24,500,1.716465925,832,6.12042707,301,1.180928556,199,0.390373393,156,1.912633459,1160,1.479103209,108,0.677954999,13.47788661,98.08376715
6/23/24,488,1.462130098,788,5.059244075,277,0.948501258,184,0.315025689,152,1.626491327,1173,1.305387697,102,0.558828178,11.27560832,85.60480669
6/24/24,493,1.396698088,825,5.008443591,314,1.016663459,209,0.338348189,158,1.598654722,1174,1.235375614,87,0.450699215,11.04488288,80.94454289
6/25/24,535,1.801377651,830,5.988558548,276,1.062067251,197,0.37903487,159,1.912009657,1191,1.489491598,91,0.560278956,13.19281853,96.20174374
6/26/24,488,1.397993015,814,4.996924681,315,1.031306322,205,0.335583803,144,1.473294746,1127,1.199180074,101,0.529076513,10.96335915,81.84970812
6/27/24,551,1.543769208,810,4.863053119,292,0.934987003,207,0.331408064,133,1.330835524,1124,1.169694357,107,0.548184161,10.72193144,80.0502571
6/28/24,508,1.355164498,807,4.61312324,320,0.975596489,194,0.295727686,163,1.552951442,1201,1.189999061,85,0.414628508,10.39719092,76.21847568
6/29/24,486,1.383489719,820,5.00203514,326,1.060594118,196,0.318828906,146,1.484343761,1206,1.275152958,88,0.458072551,10.98251715,81.33390472
6/30/24,511,1.421866991,775,4.620968346,315,1.001706687,214,0.340262271,165,1.639698445,1167,1.206102551,96,0.488451261,10.71905655,79.50053068
7/1/24,521,1.646969131,809,5.480112532,295,1.065765602,195,0.352244563,166,1.874121715,1209,1.41954559,87,0.502896853,12.34165599,90.31911878
7/2/24,464,1.277884694,776,4.579611402,267,0.840382299,179,0.281701182,161,1.583585558,1231,1.259235761,93,0.468347888,10.29074878,78.68748114
7/3/24,453,1.384395059,808,5.291349139,286,0.998894953,196,0.34227869,137,1.49528637,1156,1.312184734,111,0.62029281,11.44468175,87.31599239
7/4/24,496,1.24951664,816,4.404978015,313,0.901149097,207,0.297983807,136,1.223605004,1220,1.141551492,109,0.502109912,9.720893967,71.97676495
7/5/24,490,1.298918271,794,4.510238078,336,1.017927788,196,0.296895605,151,1.429567485,1220,1.201215381,94,0.455643867,10.21040648,75.7386747
7/6/24,473,1.361187828,763,4.705163,347,1.141243555,184,0.302577542,138,1.418332228,1173,1.25380569,98,0.515697376,10.69800722,82.22215815
7/7/24,508,1.744368732,819,6.026313238,293,1.149831358,164,0.321795807,119,1.459363605,1168,1.489679124,92,0.577662716,12.76901458,98.10847762
7/8/24,462,1.314904938,781,4.763176052,283,0.920514774,202,0.328522941,152,1.545033632,1221,1.290753623,99,0.515228057,10.67813402,81.31755957
7/9/24,459,1.444600523,753,5.07835758,306,1.100648017,200,0.359688895,156,1.753483361,1260,1.472926023,81,0.466156807,11.67586121,89.92222364
7/10/24,514,1.396970574,772,4.496086505,304,0.944255819,235,0.364967298,173,1.679237836,1144,1.154849715,91,0.45224884,10.48861659,77.65261667
7/11/24,492,1.271025545,776,4.295800624,317,0.935923572,224,0.330673313,141,1.300919003,1175,1.127463136,90,0.425151402,9.686956595,73.81100728
7/12/24,492,1.235640008,747,4.020135391,294,0.843851713,205,0.294200002,158,1.417182936,1190,1.110066836,91,0.417907515,9.338984399,71.756098
7/13/24,519,1.437985086,746,4.429136557,287,0.908784409,211,0.334065349,143,1.415027989,1200,1.234933517,121,0.613033664,10.37296657,79.16240496
7/14/24,495,1.294694319,777,4.35488089,329,0.983444573,207,0.3093815,152,1.419866785,1190,1.156070483,96,0.45914008,9.97747863,74.7298308
7/15/24,468,1.232108734,839,4.733238223,298,0.896626136,210,0.315925316,136,1.278745328,1229,1.201794948,77,0.370685705,10.02912439,75.22031344
7/16/24,453,1.471705165,803,5.59025188,311,1.154715374,183,0.339731372,158,1.83324989,1160,1.399767511,105,0.623769077,12.41319027,92.82277925
7/17/24,469,1.156849458,786,4.154509628,279,0.786502586,202,0.284719574,160,1.409502843,1187,1.087501918,121,0.545759501,9.425345508,70.47514213
7/18/24,517,1.569457227,805,5.23658359,307,1.06509725,197,0.341733157,138,1.49616674,1233,1.390264155,106,0.588405517,11.68770764,86.73430377
7/19/24,560,1.595123292,797,4.864719121,301,0.979861451,223,0.362971933,154,1.566638947,1166,1.233616268,100,0.520856585,11.1237876,81.38384142
7/20/24,486,1.449192465,805,5.143738687,300,1.022358,216,0.36804888,150,1.597434375,1149,1.27258012,99,0.539805024,11.39315755,85.1965
7/21/24,460,1.398847005,770,5.017603386,269,0.934881601,200,0.347539628,144,1.563928328,1230,1.389289665,95,0.528260235,11.18034985,86.88490712
7/22/24,508,1.411750328,773,4.603274763,317,1.006805071,203,0.322368185,138,1.369667782,1208,1.246913788,100,0.508166597,10.46894651,79.40103083
7/23/24,497,1.371652559,756,4.470980171,302,0.952547451,163,0.257061647,137,1.350362177,1205,1.235236409,89,0.449148202,10.08698862,78.85326581
7/24/24,505,1.626136331,822,5.67192672,258,0.949461213,240,0.441609866,148,1.702038026,1188,1.420879745,90,0.52993184,12.34198374,92.00205548
7/25/24,446,1.500719014,814,5.869243804,297,1.142123119,210,0.403780901,148,1.778558728,1214,1.517254803,106,0.652202293,12.86388266,96.13830964
7/26/24,497,1.318148725,851,4.836495681,321,0.972982445,207,0.313718639,152,1.439771531,1244,1.225472905,101,0.48982543,10.59641535,75.77744897
7/27/24,485,1.237962354,792,4.331956631,345,1.006414167,231,0.33692996,173,1.577080171,1260,1.194569859,99,0.462075374,10.14698852,72.92856282
7/28/24,498,1.689557427,803,5.837842573,303,1.174838555,213,0.412938304,150,1.817510141,1204,1.517208999,100,0.620376795,13.07027279,96.93387419
7/29/24,505,1.42278207,802,4.841886364,297,0.956302743,204,0.328427205,159,1.59987517,1227,1.284005476,90,0.463661936,10.89694096,80.49686391
7/30/24,513,1.553817112,754,4.893809953,269,0.931165254,208,0.36000441,149,1.611798592,1162,1.307266015,105,0.581545586,11.23940692,86.53952172
7/31/24,487,1.377002387,763,4.622995693,301,0.972666984,228,0.368385502,171,1.726807041,1223,1.284421294,85,0.439477441,10.79175634,80.78629434
8/1/24,512,1.322031336,825,4.564770587,314,0.92660232,205,0.302473687,152,1.401707332,1196,1.147039242,86,0.406052482,10.07067699,73.77407009
8/2/24,536,1.64487585,722,4.747869257,299,1.048652194,192,0.336691005,149,1.633039057,1183,1.348429941,101,0.566763193,11.3263205,87.67994935
8/3/24,550,1.650768842,780,5.016622195,286,0.98102834,197,0.337871649,154,1.650768842,1190,1.326617869,103,0.565291855,11.52896959,85.75422555
8/4/24,507,1.350213621,754,4.302878573,308,0.937426419,185,0.281532285,149,1.417172651,1212,1.198870996,98,0.477235268,9.965329814,76.08980678
8/5/24,542,1.585058673,804,5.038431102,303,1.012699585,211,0.352606621,128,1.336897141,1239,1.345837641,106,0.566844388,11.23837515,83.55607134
8/6/24,446,1.465910516,792,5.578160452,300,1.126901101,176,0.330557656,164,1.925122715,1153,1.407593384,93,0.558942946,12.39318877,93.90842512
8/7/24,492,1.510414125,808,5.315394655,331,1.161317248,178,0.312257508,138,1.513045508,1240,1.413930063,104,0.583816284,11.81017539,87.71278309
8/8/24,506,1.291192176,848,4.63691826,307,0.895304343,207,0.301837132,160,1.458150396,1180,1.118401354,110,0.513268939,10.2150726,72.90751981
8/9/24,525,1.58834685,761,4.933599809,291,1.006169107,184,0.318101573,153,1.653177334,1185,1.331618135,93,0.514494719,11.34550753,86.44064492
8/10/24,494,1.574810356,790,5.396617327,312,1.136705219,188,0.34246888,116,1.32069116,1133,1.341548972,89,0.518803921,11.63164584,91.08214898
8/11/24,526,1.726510091,836,5.880075106,296,1.11036825,225,0.42201496,164,1.922512595,1209,1.473957583,106,0.636210997,13.17164958,93.78110217
8/12/24,497,1.545955008,826,5.50571502,299,1.062927387,168,0.298615052,121,1.344212101,1174,1.356387775,81,0.460720366,11.57453271,88.87352736
8/13/24,553,1.443490963,752,4.206297614,276,0.823360384,203,0.302793764,164,1.528884771,1240,1.202225488,102,0.486856575,9.993909561,74.57974494
8/14/24,481,1.537123008,770,5.272875184,295,1.077401336,192,0.35061196,147,1.677733013,1237,1.468278889,96,0.560979136,11.94500253,91.305198
8/15/24,508,1.605894141,787,5.331153074,314,1.134422408,204,0.368506642,148,1.670924725,1228,1.441872557,89,0.514464175,12.06723772,90.32025538
8/16/24,468,1.15860337,812,4.307627915,295,0.834647117,190,0.268784665,152,1.343923323,1168,1.074006934,98,0.443636162,9.431229486,70.73280649
8/17/24,501,1.444049861,764,4.718794241,329,1.083757979,190,0.312939234,143,1.472049687,1244,1.331803498,92,0.484891108,10.84828561,82.35243003
8/18/24,501,1.402598477,850,5.099267347,304,0.97266025,195,0.311955179,145,1.449791697,1158,1.204146991,100,0.511926447,10.95234639,79.98850741
8/19/24,503,1.585899982,809,5.46574731,316,1.138641055,168,0.302676736,154,1.734085467,1280,1.498970502,94,0.541935489,12.26795654,90.08236193
8/20/24,530,1.41877958,770,4.416955295,303,0.926986981,216,0.330411201,142,1.35759232,1244,1.236900451,83,0.406283403,10.09390923,76.48407437
8/21/24,471,1.44616571,792,5.210933767,308,1.080786263,188,0.329850353,148,1.622933917,1185,1.351421459,90,0.505302668,11.54739414,87.72615769
8/22/24,517,1.762383856,789,5.763418884,283,1.102524745,178,0.346730397,160,1.947923577,1223,1.548501848,97,0.604635478,13.07611878,97.39617885
8/23/24,514,1.68987394,784,5.523323385,274,1.02951742,193,0.362585515,143,1.679071522,1231,1.503226941,99,0.595166275,12.382765,93.93407117
8/24/24,472,1.613074454,795,5.822007526,285,1.113138546,176,0.343705937,124,1.513477847,1198,1.520703484,85,0.531181903,12.4572897,97.64373209
8/25/24,490,1.70394132,812,6.050730402,252,1.001500204,211,0.419278855,170,2.111297554,1188,1.534441385,105,0.667666803,13.48885652,99.35517901
8/26/24,493,1.213373391,810,4.271946306,322,0.905722937,200,0.281280415,152,1.336081972,1188,1.086023683,93,0.418545258,9.512973964,70.32010381
8/27/24,535,1.660574912,767,5.101445758,339,1.202531151,193,0.34231344,144,1.596280289,1202,1.385748656,90,0.510809693,11.7997039,88.68223829
8/28/24,501,1.444624165,825,5.097583132,297,0.978735961,201,0.331188431,152,1.565318457,1186,1.270214735,91,0.4798113,11.16747618,82.38518193
8/29/24,493,1.652953677,741,5.323842399,301,1.153379442,203,0.388930277,131,1.568653518,1217,1.515582737,93,0.570175618,12.17351767,95.79563471
8/30/24,499,1.354488313,765,4.449686056,289,0.896529339,211,0.327279741,183,1.774057839,1177,1.186660503,104,0.51620236,10.50490415,77.55444106
8/31/24,497,1.729600239,783,5.839078702,325,1.292601501,183,0.363917038,154,1.91404453,1223,1.580851635,87,0.553631166,13.27372481,99.43088467
9/1/24,499,1.544102291,816,5.410767832,325,1.149346108,194,0.343035608,153,1.690864948,1215,1.396455521,95,0.537540334,12.07211264,88.41123909
9/2/24,509,1.671156065,829,5.83239564,315,1.181957138,207,0.388357345,153,1.794042085,1212,1.478009259,102,0.612366365,12.9582839,93.80612207
9/3/24,460,1.168344584,784,4.266997611,300,0.870815839,208,0.301882824,147,1.333436753,1204,1.135834126,104,0.483012519,9.560324257,72.56798658
9/4/24,471,1.244679097,802,4.541549753,304,0.918125436,206,0.311075395,155,1.462884896,1141,1.119946924,101,0.488056153,10.08631765,75.50373654
9/5/24,472,1.53226486,763,5.307739506,291,1.079634563,220,0.408109285,154,1.785478121,1279,1.542189336,93,0.55206056,12.20747623,92.75211019
9/6/24,477,1.17966195,796,4.218377861,284,0.802693007,191,0.269919655,143,1.263040272,1197,1.099533968,103,0.465788055,9.299014768,70.65959566
9/7/24,533,1.763015765,789,5.592412644,300,1.134076075,196,0.370464851,170,2.008259716,1204,1.479213227,91,0.550404922,12.8978472,94.50633958
9/8/24,511,1.259434346,830,4.383549792,317,0.892906207,207,0.291532468,156,1.373160176,1173,1.073811258,99,0.446171429,9.720565676,70.41847056
9/9/24,478,1.500907945,824,5.544298328,291,1.044265899,207,0.37141416,137,1.536344804,1162,1.355213115,116,0.666033508,12.01847776,89.71356517
9/10/24,476,1.348673941,793,4.814668827,315,1.020005502,196,0.317335045,149,1.507746228,1196,1.258654408,96,0.497374111,10.76445806,80.95281761
9/11/24,476,1.471825127,823,5.453085594,280,0.989462271,210,0.371048351,154,1.700638277,1173,1.34717055,111,0.627601783,11.96083195,88.34484558
9/12/24,470,1.494991499,803,5.473304745,302,1.097841782,207,0.376247101,144,1.63585696,1215,1.435464482,103,0.599087171,12.11279374,90.88094221
9/13/24,479,1.345797911,873,5.255956949,296,0.950447198,207,0.332335422,139,1.394765208,1192,1.24392988,110,0.565130766,11.08836334,80.27425658
9/14/24,500,1.281680285,759,4.169122871,277,0.811486718,218,0.319321488,138,1.263370567,1209,1.151095374,113,0.529663533,9.525740836,73.23887344
9/15/24,508,1.281749106,796,4.303735749,301,0.867956087,199,0.286915717,147,1.324642285,1260,1.180823979,97,0.447530846,9.693353769,72.08937603
9/16/24,455,1.396114185,757,4.97735528,290,1.016949736,196,0.343658876,148,1.621859493,1204,1.372180799,105,0.589129502,11.31724787,87.66808068
9/17/24,522,1.564271199,766,4.918849502,285,0.976064131,193,0.33049189,167,1.787310415,1274,1.418032819,113,0.619201386,11.61422134,85.61966061
9/18/24,477,1.540381375,820,5.674360862,285,1.051832745,217,0.400434571,151,1.741521321,1133,1.35898636,95,0.560977464,12.3284947,92.26603027
9/19/24,492,1.468729364,790,5.053554869,313,1.067856658,227,0.387225976,146,1.556580192,1172,1.299509907,98,0.534951834,11.3684088,85.2920653
9/20/24,508,1.469932584,797,4.941800913,296,0.978852745,215,0.355495507,156,1.612130787,1196,1.285405614,97,0.513236304,11.15685445,82.6733737
9/21/24,498,1.428259785,825,5.070199325,291,0.953812043,212,0.347436689,174,1.782251884,1186,1.263391243,98,0.513944083,11.35929505,81.94261535
9/22/24,439,1.0877407,816,4.332556513,318,0.900492138,215,0.30441165,144,1.274281327,1200,1.10437715,103,0.466670139,9.470529619,70.79340708
9/23/24,514,1.440400222,779,4.677897885,293,0.938381912,191,0.305854855,138,1.381150852,1217,1.266735515,85,0.435562935,10.44598418,80.06671605
9/24/24,501,1.740885404,797,5.934498147,313,1.242993171,212,0.420949764,159,1.973202019,1267,1.63525084,95,0.603626077,13.55140542,99.28060473
9/25/24,467,1.572497977,813,5.866201538,304,1.169873074,218,0.419461069,146,1.755771678,1168,1.460802036,112,0.689609391,12.93421676,96.20666729
9/26/24,502,1.403515179,811,4.858782628,270,0.862718494,207,0.330708756,155,1.547701001,1225,1.272110372,82,0.419217283,10.69475371,79.88134201
9/27/24,484,1.484517625,746,4.903114587,311,1.090165245,193,0.338266708,162,1.774585709,1210,1.378480652,91,0.510379613,11.47951014,87.63386215
9/28/24,480,1.60303756,766,5.481815941,315,1.20227817,204,0.389309122,166,1.979942224,1196,1.483573094,101,0.616787785,12.7567439,95.41890237
9/29/24,469,1.366355547,801,5.000536673,340,1.132039929,208,0.346271037,177,1.841645841,1206,1.305008972,87,0.463470465,11.45532846,83.2382301
9/30/24,506,1.249241013,728,3.851414981,288,0.812606238,197,0.277922619,144,1.269697246,1177,1.079313198,102,0.460476868,9.000672164,70.53873591
10/1/24,520,1.314682712,818,4.431636505,289,0.835040228,212,0.306277731,146,1.318294478,1143,1.073344529,97,0.448436828,9.727713011,72.23531385
10/2/24,463,1.382477421,748,4.78599095,314,1.071515977,208,0.354897012,148,1.57826796,1226,1.359699176,103,0.562375265,11.09522376,85.31178164
10/3/24,505,1.751295229,788,5.855816013,301,1.192961502,205,0.406241043,140,1.733955672,1200,1.545697628,103,0.653156331,13.13912342,99.08318127
10/4/24,496,1.57622353,788,5.366060518,293,1.064132475,187,0.339578111,143,1.622983617,1194,1.409339955,93,0.540419496,11.9187377,90.79628627
10/5/24,485,1.22436407,813,4.397973443,319,0.920346718,182,0.262544048,136,1.226167258,1219,1.143004267,109,0.503161341,9.677561145,72.12748574
10/6/24,509,1.34825392,770,4.370567717,311,0.941469479,217,0.328454786,146,1.381175079,1167,1.148153815,96,0.464982997,9.983057794,75.68082627
10/7/24,491,1.600605646,813,5.67919286,330,1.229443965,210,0.391186716,153,1.781296653,1183,1.432395359,102,0.608015924,12.72213712,93.1396943
10/8/24,507,1.690090456,780,5.571726779,312,1.188635046,199,0.379067907,135,1.607228878,1201,1.487031969,96,0.585174177,12.50895521,95.2431928
10/9/24,466,1.443937961,752,4.99313924,288,1.019875249,193,0.341729033,156,1.726351333,1119,1.287858094,102,0.577929308,11.39082022,88.53083759
10/10/24,482,1.507042566,783,5.246062519,283,1.011246108,189,0.337677587,157,1.753154141,1242,1.442365695,104,0.594598419,11.89214704,89.33269509
10/11/24,477,1.182842812,810,4.304145003,292,0.827529443,205,0.290485506,150,1.328439816,1167,1.074867224,83,0.376355856,9.38466566,70.85012351
10/12/24,476,1.580299424,774,5.506385447,321,1.217949856,202,0.383217867,157,1.86154719,1189,1.466187767,91,0.552440807,12.56802836,94.85590779
10/13/24,461,1.511014615,809,5.682107948,312,1.168730238,191,0.357736339,118,1.38131178,1228,1.495000763,111,0.665277212,12.26117889,93.64825625
10/14/24,494,1.344661529,812,4.736257208,338,1.051464654,240,0.373301061,150,1.458207269,1128,1.140434741,109,0.542530875,10.64685734,77.77105432
10/15/24,468,1.49484374,827,5.660420207,294,1.073221147,220,0.401545327,158,1.802390957,1194,1.416542401,97,0.566543952,12.41550773,91.2603016
10/16/24,523,1.399337407,807,4.626872252,316,0.966272867,203,0.310369291,148,1.414244307,1276,1.268080246,90,0.440326876,10.42550325,76.44563819
10/17/24,476,1.186357014,828,4.42213509,294,0.837428481,174,0.247810469,146,1.299580763,1176,1.088657025,89,0.405611618,9.48758046,71.20990483
10/18/24,541,1.439705613,763,4.351051159,320,0.973236432,204,0.310219113,157,1.492169139,1248,1.233577178,109,0.530413856,10.33037249,76.03409628
10/19/24,505,1.331967962,852,4.815431557,297,0.895263332,224,0.337607721,165,1.554276617,1229,1.204008607,111,0.535349386,10.67390518,75.3588663
10/20/24,519,1.455605771,789,4.741837131,311,0.996847552,183,0.29328473,127,1.272102483,1205,1.255274671,121,0.620545615,10.63549795,80.1324399
10/21/24,488,1.410013522,795,4.922251538,302,0.997246098,191,0.315354312,147,1.516920285,1154,1.238467381,105,0.554759419,10.95501256,82.55348492
10/22/24,500,1.491982918,859,5.492628543,262,0.893484627,208,0.354665654,138,1.470668876,1176,1.303396277,104,0.567465046,11.57429194,85.25616674
10/23/24,469,1.383827446,762,4.81789452,311,1.048724546,213,0.359129145,152,1.601749709,1223,1.340327296,90,0.48558307,11.03723573,84.30261627
10/24/24,486,1.328825251,840,4.921575005,282,0.881196287,207,0.323417786,142,1.386634228,1209,1.227815783,101,0.50496922,10.57443356,78.12023818
10/25/24,474,1.175818242,782,4.156825791,303,0.859006455,191,0.270742959,165,1.461799351,1132,1.042998267,107,0.485352822,9.452543887,70.87512006
10/26/24,502,1.548849065,835,5.520584673,278,0.980261901,190,0.334981585,138,1.52064009,1193,1.367165632,86,0.48519438,11.75767733,88.15304867
10/27/24,489,1.401245183,848,5.207081135,280,0.916970263,207,0.338951508,142,1.453234122,1255,1.335747307,100,0.523983007,11.17721253,81.8723449
10/28/24,488,1.348639613,822,4.867894155,289,0.912779504,204,0.322157472,149,1.470633068,1211,1.243069873,117,0.591253713,10.7564274,78.96016472
10/29/24,483,1.62301915,832,5.990913632,309,1.186661739,210,0.403234571,136,1.632139932,1111,1.386646884,110,0.675897948,12.89851386,96.00823128
10/30/24,518,1.675253685,824,5.710462093,287,1.060778395,207,0.382545519,175,2.021300296,1175,1.411445121,96,0.567719726,12.82950483,92.40229923
10/31/24,498,1.668625605,770,5.528578813,303,1.160283553,193,0.369529251,137,1.63942705,1277,1.589262976,88,0.539168067,12.49487532,95.73296645
11/1/24,490,1.455168648,730,4.64550924,327,1.109831249,178,0.302064162,149,1.580321637,1235,1.362258463,102,0.553897431,11.00905083,84.84948384
11/2/24,470,1.216114573,763,4.230526227,309,0.913749308,224,0.33119716,131,1.210569978,1204,1.157120079,117,0.553572396,9.612849721,73.92793756
11/3/24,545,1.733662717,829,5.650877034,302,1.097910648,179,0.325374182,142,1.613237915,1267,1.496993898,105,0.610758242,12.52881464,90.88664308
11/4/24,457,1.218534503,800,4.570932804,290,0.883713675,210,0.319965296,118,1.123687648,1216,1.204288429,101,0.492441827,9.813564183,76.1822134
11/5/24,505,1.471212032,820,5.119068739,306,1.018819534,180,0.299652804,160,1.664737801,1215,1.314726679,98,0.522061775,11.41027936,83.23689007
11/6/24,472,1.188614391,807,4.354775183,312,0.897936295,209,0.300751099,149,1.340069191,1222,1.142998076,101,0.465084953,9.690229188,71.95002367
11/7/24,479,1.588638861,783,5.564737078,267,1.012028812,189,0.358189973,147,1.741201257,1202,1.480708073,90,0.545813292,12.29131735,94.75925207
11/8/24,475,1.226562895,816,4.515227017,289,0.852876214,202,0.298064006,161,1.484786662,1203,1.153817571,91,0.429684349,9.961018713,73.77821923
11/9/24,511,1.736506967,811,5.905677176,309,1.200068556,235,0.456336748,148,1.796219116,1209,1.526009506,105,0.652464457,13.27328253,97.09292521
11/10/24,491,1.648504087,768,5.525390481,264,1.012988255,201,0.385626211,149,1.786638849,1212,1.511424521,102,0.626210921,12.49678332,95.92691807
11/11/24,493,1.448341268,757,4.765550594,337,1.13147727,202,0.339107431,167,1.752194956,1166,1.272324366,95,0.510339896,11.21933578,83.93748293
11/12/24,496,1.602866961,827,5.726833136,309,1.14121173,204,0.376710668,144,1.66195883,1279,1.535188304,90,0.531826826,12.57659646,92.33104613
11/13/24,498,1.544007829,804,5.341576139,283,1.002763547,189,0.334845071,150,1.660937854,1192,1.372687626,95,0.538586781,11.79540485,88.58335221
11/14/24,517,1.702599612,809,5.709048438,313,1.178035211,192,0.361314314,135,1.587807044,1210,1.480071396,94,0.566059092,12.58493511,94.09226927
11/15/24,481,1.396533166,788,4.902590444,288,0.955631843,198,0.328498446,142,1.472436216,1191,1.284379151,115,0.610542566,10.95061183,82.95415302
11/16/24,492,1.611348663,804,5.642527548,297,1.111662144,203,0.379911473,124,1.450400945,1300,1.581404902,92,0.550965211,12.32822089,93.57425453
11/17/24,535,1.570535117,823,5.177104411,267,0.895771164,193,0.323752499,129,1.352463485,1187,1.294255134,95,0.509952123,11.12383393,83.87370451
11/18/24,469,1.612428602,821,6.048449052,275,1.08051871,196,0.385057577,148,1.817236012,1170,1.494062689,112,0.704105283,13.14185792,98.22897364
11/19/24,508,1.504030879,871,5.525917725,312,1.055697715,208,0.351899238,141,1.490919248,1167,1.283332534,88,0.47641743,11.68821477,84.59116302
11/20/24,472,1.385674111,786,4.944642182,296,0.993122365,182,0.305318024,130,1.363026895,1197,1.305234555,100,0.5368229,10.83384103,83.87857816
11/21/24,508,1.663357331,784,5.500866764,295,1.103915439,181,0.338658804,144,1.683938805,1142,1.388875306,114,0.682556529,12.36216898,93.55215585
11/22/24,533,1.765645955,796,5.650445646,284,1.075193677,208,0.393732896,170,2.011255778,1229,1.512180403,115,0.696604354,13.10505871,94.64733075
11/23/24,474,1.437269232,840,5.457984426,288,0.998031438,211,0.365598322,130,1.407813443,1242,1.398803437,100,0.55446191,11.61996221,86.63467343
11/24/24,483,1.274534461,791,4.472745159,305,0.919806,200,0.301575738,148,1.394787786,1240,1.215350223,105,0.506647239,10.08544661,75.3939344
11/25/24,518,1.523513702,816,5.142804112,289,0.971418554,205,0.344534262,142,1.491581258,1201,1.312003278,95,0.510919101,11.29677427,84.03274693
11/26/24,490,1.698573303,810,6.016812137,305,1.208314536,198,0.392207013,151,1.869421055,1240,1.596559862,79,0.500757237,13.28264514,99.04217509
11/27/24,468,1.516617415,826,5.73592484,307,1.137000114,217,0.401838802,165,1.909660207,1170,1.4082876,98,0.580721882,12.69005086,92.58958579
11/28/24,471,1.555110466,807,5.709618498,287,1.082964401,179,0.337718864,154,1.815946404,1232,1.510867408,98,0.591668356,12.6038944,94.33487812
11/29/24,521,1.294407189,812,4.322972186,311,0.883050476,203,0.288198146,151,1.339837439,1186,1.094443106,89,0.404329221,9.627237764,70.98476496
11/30/24,481,1.414742422,806,5.079963135,290,0.974815093,177,0.297486675,154,1.61768884,1205,1.316420554,100,0.537829017,11.23894574,84.03578388
12/1/24,515,1.611410378,805,5.397442528,305,1.090663335,179,0.32004711,160,1.78797268,1262,1.46667399,95,0.543543695,12.21775372,89.39863401
12/2/24,513,1.703947105,815,5.800822434,338,1.283061256,202,0.383399961,146,1.731942894,1138,1.403965106,82,0.498040346,12.8051791,94.90098051
12/3/24,483,1.208339133,780,4.181475262,312,0.892048056,206,0.294490224,148,1.322346878,1217,1.130856754,82,0.375117644,9.404673951,71.47820961
12/4/24,477,1.595594016,800,5.734389994,284,1.085711172,208,0.397584373,149,1.780050227,1196,1.485971594,108,0.660601727,12.7399031,95.57316657
12/5/24,505,1.528039597,742,4.811055364,310,1.072005148,192,0.331975788,153,1.653395037,1165,1.309315966,107,0.592023488,11.29781039,86.4520281
12/6/24,498,1.323275475,825,4.697514058,295,0.895849146,221,0.335563832,162,1.537368237,1303,1.28599904,99,0.48102544,10.55659523,75.91941912
12/7/24,474,1.319197921,826,4.92611882,304,0.966934703,203,0.322841685,139,1.381619282,1199,1.239441712,109,0.554715172,10.71086929,79.51765649
12/8/24,500,1.373013015,795,4.678051486,297,0.932079692,194,0.3044166,141,1.38282025,1206,1.230062745,96,0.482045255,10.38248904,78.45788655
12/9/24,542,1.630011876,786,5.065324202,295,1.013924098,199,0.341984569,155,1.664811814,1158,1.293526557,104,0.571921932,11.58150505,85.92577103
12/10/24,513,1.284690491,754,4.046184756,283,0.809952457,208,0.297650373,148,1.323685552,1183,1.100376222,113,0.517453725,9.379993577,71.5505704
12/11/24,514,1.344861965,808,4.530218736,272,0.813346202,194,0.290053609,152,1.42036561,1208,1.173969555,108,0.516714058,10.08952974,74.75608475
12/12/24,505,1.668180486,812,5.74779019,329,1.242051214,209,0.394511708,135,1.592675853,1228,1.506694952,114,0.688602253,12.84050666,94.3807913
12/13/24,495,1.281670924,811,4.499719132,287,0.849268814,207,0.306269416,166,1.535045984,1187,1.141556365,100,0.473459966,10.0869906,73.97811972
12/14/24,543,1.463420883,761,4.394882762,312,0.960983563,211,0.324947968,158,1.52078729,1172,1.173200767,82,0.404105909,10.24232914,77.00188808
12/15/24,497,1.454241451,832,5.216709774,304,1.016589597,196,0.327716383,130,1.35851817,1165,1.266138935,120,0.642056588,11.2819709,83.60111817
12/16/24,470,1.406699158,806,5.169298731,307,1.050107335,189,0.323241509,146,1.560623686,1160,1.28954549,103,0.563705827,11.36322174,85.51362664
12/17/24,529,1.720197441,771,5.37242328,311,1.155779431,203,0.377207756,181,2.102050613,1220,1.473525866,84,0.499475098,12.70065949,92.90831439
12/18/24,506,1.477367718,786,4.917607397,283,0.944314092,195,0.325337894,144,1.50155951,1189,1.28942252,108,0.576598852,11.03220798,83.4199728
12/19/24,452,1.482269749,781,5.488239605,313,1.173073152,193,0.361666323,143,1.674814903,1206,1.468964926,94,0.563674767,12.21270342,93.69593863
12/20/24,522,1.617815611,783,5.200121606,287,1.016558468,184,0.325865432,157,1.737801388,1140,1.312316768,82,0.464712443,11.67519172,88.55038921
12/21/24,489,1.256121061,779,4.287985568,288,0.84548727,194,0.28476481,159,1.45868572,1139,1.086730035,92,0.432137938,9.651912402,73.39299218
12/22/24,502,1.312302301,837,4.688661181,266,0.794700995,180,0.268883795,122,1.139021633,1260,1.223421269,119,0.568838607,9.995829782,74.68994315
12/23/24,490,1.425353852,771,4.805894255,312,1.037225427,196,0.325795166,145,1.506387088,1187,1.282486023,97,0.515953161,10.89909497,83.11101176
12/24/24,516,1.479234673,797,4.895971904,309,1.012366587,207,0.339093663,150,1.535750284,1225,1.304363908,95,0.497992625,11.06477364,81.90668179
12/25/24,481,1.553977033,764,5.2891526,317,1.17044424,206,0.380302072,138,1.59228416,1217,1.460378417,104,0.61439092,12.06092944,92.30632809
12/26/24,472,1.444213326,819,5.369903364,333,1.164462561,206,0.36017911,148,1.617309113,1197,1.360375519,77,0.430816179,11.74725917,87.42211419
12/27/24,500,1.428769868,795,4.868023049,283,0.924209994,183,0.298817012,157,1.602263351,1166,1.237559637,101,0.527746767,10.88738968,81.64399243
12/28/24,537,1.411933186,823,4.636955355,313,0.940537562,204,0.306501059,154,1.446114064,1195,1.16703283,101,0.485593834,10.39466789,75.1228085
12/29/24,505,1.357530374,809,4.660150236,301,0.924733561,196,0.301076043,156,1.497699705,1188,1.186178166,92,0.452228506,10.37959659,76.80511307
12/30/24,473,1.444672581,822,5.379889134,293,1.022746158,181,0.315899411,153,1.668943709,1226,1.390830057,98,0.547326272,11.77030732,87.26503055
12/31/24,500,1.447305373,870,5.396381461,304,1.005670476,184,0.304347644,139,1.436967477,1152,1.238562586,101,0.534593253,11.36382827,82.70316415
1/1/25,457,1.366737965,741,4.748762889,288,0.984358947,187,0.319574866,149,1.591465746,1260,1.399635378,115,0.628895994,11.03943179,85.44782527
1/2/25,479,1.259392216,779,4.388904875,326,0.979569013,202,0.303486105,128,1.201925169,1203,1.174806732,84,0.403846857,9.711930967,75.12032306
1/3/25,479,1.5069587,844,5.689858973,316,1.136174051,219,0.393705882,144,1.617969376,1186,1.385880658,119,0.684580821,12.41512846,89.88718757
1/4/25,504,1.685963502,780,5.59120549,307,1.173675272,193,0.368923986,152,1.815947082,1202,1.493473111,101,0.617804313,12.74699276,95.57616223
1/5/25,519,1.412114134,796,4.640969657,311,0.967063024,202,0.314062268,142,1.379852787,1155,1.167238851,84,0.417920484,10.2992212,77.7381852
1/6/25,501,1.486011058,745,4.735150721,297,1.00677567,203,0.344066433,139,1.47245179,1268,1.396943615,117,0.634573756,11.07597304,84.74542677
1/7/25,494,1.716306026,718,5.3454644,334,1.326191353,196,0.389122014,157,1.948091715,1245,1.606617295,105,0.66706631,12.99885911,99.26581987
1/8/25,474,1.327154414,845,5.069825859,318,1.017565048,183,0.292789943,145,1.449950196,1173,1.219878099,103,0.527341887,10.90450545,79.99725222
1/9/25,492,1.512800942,803,5.290849984,297,1.043674517,197,0.346134478,162,1.778990655,1148,1.31109415,107,0.601606321,11.88515105,87.85139035
1/10/25,509,1.295255092,787,4.291464036,290,0.843388104,176,0.255924666,127,1.154205702,1167,1.103020769,99,0.460664399,9.403922768,72.70587101
1/11/25,514,1.586366297,856,5.661184895,263,0.927658335,211,0.372121499,141,1.554180433,1200,1.375615021,89,0.502275844,11.97940232,88.18045007
1/12/25,481,1.223718527,793,4.323175492,331,0.96240174,215,0.312562499,164,1.490123541,1151,1.087644807,94,0.437296742,9.836923347,72.6889532
1/13/25,521,1.801199745,779,5.771049909,314,1.240639912,199,0.393132711,157,1.938499863,1198,1.53835398,88,0.556312419,13.23918854,98.77706306
1/14/25,510,1.63273735,773,5.302966268,308,1.126908916,215,0.393320482,125,1.429216868,1236,1.469738025,87,0.509304289,11.8641922,91.46987956
1/15/25,466,1.527346584,797,5.59761754,280,1.048821689,181,0.338994153,144,1.685606286,1234,1.50224978,92,0.551380545,12.25201658,93.64479364
1/16/25,515,1.642494433,809,5.528895963,268,0.976839962,245,0.446503341,160,1.822462616,1205,1.427443844,93,0.542364875,12.38700503,91.12313082
1/17/25,524,1.608268916,760,4.998436652,308,1.080363852,209,0.366552021,162,1.775760389,1191,1.35773324,114,0.639799891,11.82691496,87.69187108
1/18/25,511,1.493350703,776,4.859547716,318,1.062086717,196,0.327309743,148,1.544701594,1217,1.321012103,103,0.550414752,11.15842333,83.49738343
1/19/25,486,1.628727936,834,5.989237647,275,1.053263215,203,0.388749878,139,1.663677124,1214,1.51114546,97,0.594423458,12.82922472,95.75120139
1/20/25,479,1.654790499,802,5.937109962,290,1.144978812,207,0.40863899,154,1.900072598,1255,1.610373217,105,0.663298071,13.31926215,98.70507003
1/21/25,477,1.418592267,835,5.32131421,301,1.023051866,177,0.300797642,136,1.444508448,1142,1.261480731,93,0.505747899,11.27549306,84.97108519
1/22/25,495,1.696915342,746,5.48008158,293,1.147927723,191,0.374153917,152,1.860974978,1227,1.562337467,85,0.53282652,12.65521753,97.94605147
1/23/25,523,1.601687268,803,5.269686735,319,1.116499838,197,0.34474995,149,1.629687263,1199,1.363862302,100,0.559999919,11.88617327,87.4999873
1/24/25,484,1.459406844,797,5.149707443,290,0.999357697,195,0.33599095,153,1.647647927,1176,1.317084523,92,0.507260183,11.41645557,86.15152561
1/25/25,506,1.481166676,833,5.225064262,340,1.137428955,204,0.341228687,152,1.589055158,1252,1.361234829,95,0.50849765,11.64367622,83.63448199
1/26/25,508,1.356234092,797,4.559555278,293,0.893985577,195,0.297486668,151,1.439759195,1219,1.208787495,95,0.463774088,10.21958239,76.27863285
1/27/25,503,1.234314539,812,4.26979582,335,0.939495304,198,0.277641896,140,1.226952822,1144,1.042699564,115,0.516021301,9.506921245,70.11158982
1/28/25,486,1.313940628,744,4.310281424,274,0.846607247,215,0.332154303,143,1.380757714,1182,1.18694954,99,0.489425504,9.86011636,77.24518681
1/29/25,518,1.546338433,828,5.296614269,303,1.033735345,204,0.347990116,150,1.599219284,1172,1.299504267,114,0.622288208,11.74568992,85.29169515
1/30/25,529,1.507098755,773,4.719095347,283,0.9214344,213,0.346758882,141,1.434653825,1174,1.242308464,121,0.630352296,10.80170197,81.39879857
1/31/25,533,1.556844758,769,4.813241566,309,1.031498323,215,0.358854594,166,1.731682054,1156,1.25415508,95,0.507403706,11.25368008,83.45455684
2/1/25,495,1.722441912,822,6.129208882,321,1.276545694,213,0.423526842,132,1.640420869,1207,1.559990536,101,0.642647303,13.39478204,99.41944659
2/2/25,484,1.363808419,774,4.673499334,297,0.956437073,196,0.315592031,162,1.630290465,1184,1.23918177,98,0.504947249,10.68375634,80.50817112
2/3/25,509,1.488719172,838,5.252090932,280,0.935933468,202,0.337604572,133,1.389276241,1251,1.359025534,107,0.572256463,11.33490638,83.56548818
2/4/25,472,1.222570307,777,4.312668563,282,0.834781663,188,0.278260554,164,1.517112064,1183,1.13813007,120,0.568361983,9.871885204,74.00546654
2/5/25,476,1.190169275,705,3.777322953,285,0.814401544,203,0.290041252,155,1.384125432,1159,1.076367375,92,0.420631254,8.953059085,71.43873197
2/6/25,469,1.530900415,797,5.574753112,281,1.048268088,171,0.318957016,151,1.760325638,1184,1.435493097,73,0.435721398,12.10441876,93.26228544
2/7/25,485,1.478870407,803,5.246831827,311,1.083778961,212,0.3693909,155,1.687959596,1173,1.328500432,86,0.479511206,11.67484333,87.12049525
2/8/25,510,1.656857424,758,5.276882047,301,1.117566576,188,0.349007502,148,1.717191167,1155,1.39370948,107,0.635639195,12.14685339,92.82114418
2/9/25,479,1.248923495,830,4.637368777,271,0.807535382,176,0.262225512,152,1.415421795,1213,1.174725594,92,0.438631765,9.98483232,74.49588397
2/10/25,472,1.439798339,773,5.05280319,281,0.979620662,184,0.320729896,157,1.710414189,1205,1.365280931,91,0.507589923,11.37623713,87.15486314
2/11/25,530,1.439652037,782,4.551783934,286,0.887850097,186,0.2887065,136,1.319357662,1216,1.226847407,85,0.422194452,10.13639209,77.60927423
2/12/25,506,1.360869243,806,4.645090105,274,0.842186725,168,0.258188631,135,1.296706295,1244,1.242686471,91,0.447526961,10.09325443,76.84185451
2/13/25,495,1.218740646,827,4.363197031,301,0.846963196,200,0.281383122,151,1.327776605,1220,1.115684077,116,0.522247074,9.675991751,70.34578042
2/14/25,501,1.296015738,847,4.695146834,286,0.845532936,195,0.288249865,132,1.219518658,1187,1.140508631,96,0.454104402,9.939077064,73.91022171
2/15/25,475,1.317997471,768,4.566415297,294,0.93230979,183,0.290157639,166,1.645019399,1204,1.240859934,97,0.492158093,10.48491762,79.27804334
2/16/25,462,1.188597887,826,4.553719177,306,0.899717881,172,0.252861888,154,1.414997484,1232,1.177277907,99,0.465736315,9.952908538,73.50636282
2/17/25,482,1.679842957,765,5.713158841,296,1.178976918,203,0.404277558,132,1.642999928,1218,1.576682476,121,0.771114633,12.96705331,99.57575321
2/18/25,486,1.348195241,771,4.583150487,302,0.957448472,219,0.34715433,141,1.396939513,1206,1.24262228,102,0.517402618,10.39291294,79.25897946
2/19/25,515,1.332222674,813,4.50664508,310,0.916480508,236,0.348853871,141,1.302658787,1216,1.168364828,90,0.425719978,10.00094573,73.9097184
2/20/25,504,1.34015436,795,4.529858487,300,0.911669633,178,0.270461991,175,1.661897768,1234,1.218750354,91,0.442463662,10.37525625,75.97246938
2/21/25,511,1.567282167,752,4.942393862,323,1.132193771,185,0.324235058,164,1.796437485,1207,1.375019541,88,0.493538337,11.63110022,87.63109685
2/22/25,516,1.298898781,827,4.460918987,302,0.868809373,206,0.29631578,133,1.195691708,1188,1.110752645,103,0.474105247,9.705492521,71.92130572
2/23/25,506,1.697911253,811,5.831476679,305,1.169650892,230,0.44101591,142,1.701746174,1196,1.490633776,97,0.595179732,12.92761442,95.8730239
2/24/25,500,1.729787332,839,6.219821019,292,1.154509488,191,0.377587863,141,1.742142955,1264,1.624220882,102,0.645260097,13.49332964,98.84499038
2/25/25,489,1.324742463,768,4.458379543,310,0.95979004,184,0.284840915,173,1.673827389,1216,1.223577497,81,0.401254159,10.32641201,77.40242262
2/26/25,467,1.364854215,805,5.041485055,295,0.985333725,181,0.302280346,157,1.638743589,1147,1.245111116,110,0.587860121,11.16566817,83.50285806
2/27/25,515,1.273719204,819,4.34053826,284,0.802743421,189,0.267110047,194,1.713602813,1222,1.122568837,111,0.501997294,10.02227988,70.66403353
2/28/25,512,1.598845817,751,5.025390102,296,1.056380272,231,0.412202437,163,1.817884125,1242,1.440567219,86,0.491074072,11.84234404,89.22130674
3/1/25,483,1.3932726,771,4.765808229,316,1.041760761,195,0.321429349,155,1.596844521,1144,1.22571725,94,0.495825375,10.84065809,82.41778174
3/2/25,521,1.424185484,829,4.855976554,299,0.934096978,175,0.273356139,170,1.659662272,1171,1.188943001,109,0.544837836,10.88105826,78.10175398
3/3/25,485,1.293581799,818,4.675183702,306,0.932750587,207,0.315489169,118,1.124025421,1229,1.217529095,100,0.487712725,10.0462725,76.20511332
3/4/25,491,1.540131598,798,5.363798436,287,1.028845548,196,0.351313114,163,1.826021606,1237,1.441190353,97,0.556365258,12.10766591,89.62069233
3/5/25,538,1.553221001,797,4.930631191,312,1.029431656,196,0.323347123,149,1.536311266,1209,1.296440492,87,0.459284893,11.12866762,82.48651093
3/6/25,551,1.453891882,799,4.517732487,319,0.961973576,193,0.291004546,147,1.385287183,1183,1.159419406,79,0.381170721,10.1504798,75.38977867
3/7/25,477,1.513790283,786,5.345189411,320,1.160617887,204,0.369946952,172,1.949475358,1196,1.40978804,90,0.522278049,12.27108598,90.67327244
3/8/25,529,1.6099194,818,5.334515537,291,1.012123241,192,0.333896327,143,1.554270012,1266,1.431058789,96,0.534234123,11.81001743,86.95216849
3/9/25,522,1.749538153,757,5.436783178,298,1.141461127,188,0.360058208,145,1.73565293,1161,1.44530812,111,0.680280188,12.5490819,95.76016165
3/10/25,513,1.320128393,765,4.218455391,321,0.944051716,185,0.272039825,145,1.33262752,1273,1.21675326,120,0.564666447,9.868722552,73.52427697
3/11/25,483,1.581800817,796,5.586128884,298,1.115354377,207,0.387379792,156,1.824614962,1163,1.414684801,101,0.604836467,12.5148001,93.56999806
3/12/25,547,1.726984367,812,5.49351517,294,1.060816722,199,0.359017904,141,1.589872001,1207,1.415414557,104,0.600407832,12.24602855,90.2055036
3/13/25,514,1.321371403,788,4.340914391,327,0.960730292,174,0.255607142,134,1.230292996,1218,1.163012495,104,0.488885384,9.760814102,73.4503281
3/14/25,477,1.516650963,798,5.43705062,267,0.970220562,194,0.352477133,148,1.680625505,1178,1.39119454,78,0.453496353,11.80171568,90.8446219
3/15/25,537,1.564616439,811,5.063463415,294,0.978977884,219,0.364619314,128,1.331942699,1180,1.277000062,101,0.53810485,11.11872466,83.24641867
3/16/25,513,1.765866055,815,6.011615851,352,1.384761573,188,0.369794284,163,2.00387195,1239,1.584116098,85,0.535021517,13.65504733,98.34954357
3/17/25,547,1.421484479,816,4.54399844,307,0.911769622,196,0.291053495,147,1.364313257,1177,1.136073858,91,0.432422335,10.10111549,74.24834052
3/18/25,528,1.649986832,770,5.15620885,294,1.04999162,185,0.330354506,166,1.852663786,1161,1.347578531,94,0.53713857,11.9239227,89.28500172
3/19/25,488,1.391326575,776,4.740937159,303,0.987287945,193,0.314433289,152,1.547728626,1232,1.304653772,88,0.458779348,10.74514672,81.45940136
3/20/25,481,1.661689249,781,5.78161258,285,1.125230617,197,0.388895494,163,2.011102967,1247,1.600097679,110,0.694879258,13.26350785,98.70444012
3/21/25,461,1.289174348,816,4.889833908,294,0.939615143,216,0.345164746,148,1.478136067,1151,1.195532431,100,0.51135518,10.64881182,79.89924686
3/22/25,489,1.692084355,784,5.813295944,293,1.158704566,218,0.431053917,152,1.878445968,1214,1.560296541,106,0.670704076,13.20458537,98.86557728
3/23/25,457,1.552227986,813,5.917292993,312,1.211116303,208,0.403705434,160,1.940891511,1193,1.505064322,92,0.571398461,13.10169701,97.04457553
3/24/25,502,1.372419003,837,4.903449228,311,0.971707023,196,0.306197068,137,1.337659387,1225,1.243925591,102,0.509911853,10.64526915,78.11149706
3/25/25,488,1.607334806,826,5.829882392,285,1.072811288,196,0.368896513,137,1.611569588,1185,1.449706832,93,0.56012042,12.50032184,94.1062533
3/26/25,531,1.856049123,779,5.834795265,299,1.194422788,207,0.413454042,153,1.909977911,1200,1.557942766,87,0.556065726,13.32270762,99.86812605
3/27/25,481,1.306057449,814,4.736252288,317,0.983713006,182,0.2823908,153,1.483715397,1224,1.234451211,97,0.481615958,10.50819611,77.57989007
3/28/25,529,1.538657879,760,4.73688896,302,1.003888046,187,0.310806398,144,1.495859671,1269,1.370955389,114,0.606321787,11.06337813,83.10331508
3/29/25,530,1.58798058,797,5.117064106,314,1.075204102,207,0.354406447,153,1.637203698,1241,1.381072275,101,0.553353448,11.70628466,85.6054221
3/30/25,545,1.504024342,804,4.754530425,315,0.993483969,197,0.31066086,154,1.517822731,1237,1.267953628,105,0.529858117,10.87833407,78.84793407
3/31/25,518,1.277402546,794,4.195770636,317,0.893406745,204,0.287468416,159,1.400351661,1190,1.089984412,86,0.38780053,9.532184947,70.45794519
4/1/25,499,1.337886717,781,4.487072114,278,0.851835116,184,0.281902269,138,1.321416884,1197,1.192032935,104,0.509875407,9.982021443,76.60387733
4/2/25,519,1.425191505,782,4.601567948,306,0.960327224,202,0.31697075,134,1.314173284,1292,1.317782357,89,0.446897375,10.38291044,78.45810653
4/3/25,495,1.443310945,822,5.135937648,281,0.936381819,187,0.311571886,156,1.624505825,1147,1.242205454,120,0.639805371,11.33371895,83.30799104
4/4/25,482,1.267494964,819,4.615049092,325,0.976729967,212,0.318564235,137,1.286653898,1127,1.100774672,108,0.51931981,10.08458664,75.13307435
4/5/25,490,1.649789367,831,5.995517333,328,1.262112915,190,0.365550997,162,1.948002022,1170,1.463165963,111,0.683387968,13.36752656,96.1976307
4/6/25,486,1.550416151,837,5.721773891,305,1.111997475,203,0.370058176,154,1.754586179,1193,1.413604003,103,0.600843226,12.5232791,91.14733398
4/7/25,444,1.127520463,817,4.445869778,325,0.943228186,210,0.30473526,157,1.423911781,1225,1.155454528,93,0.431853397,9.832573394,72.55601433
4/8/25,492,1.54123776,756,5.074807259,307,1.099094059,199,0.356221039,165,1.845994704,1183,1.376463154,100,0.572817751,11.86663573,89.50277353
4/9/25,520,1.630896436,783,5.262329297,299,1.071731944,190,0.340516838,155,1.736187827,1229,1.431694086,96,0.550561962,12.02391839,89.60969429
4/10/25,495,1.709745955,783,5.795372653,288,1.136870038,204,0.402641472,181,2.232785122,1198,1.536945657,96,0.606330687,13.42069158,98.68663521
4/11/25,548,1.344338209,821,4.315830305,290,0.813051263,191,0.267746192,153,1.340483225,1172,1.06790078,115,0.515867008,9.665216982,70.09062614
4/12/25,507,1.37413684,844,4.901823722,284,0.879695379,200,0.309751894,158,1.529399977,1243,1.251320214,96,0.475778909,10.72190693,77.43797349
4/13/25,547,1.873027036,814,5.972750094,327,1.279665377,210,0.410901726,140,1.712090527,1198,1.523662735,104,0.651181403,13.4232789,97.83374438
4/14/25,507,1.73837149,841,6.179080401,282,1.105034117,203,0.397733911,170,2.081735371,1169,1.488759173,119,0.746093957,13.73680842,97.96401746
4/15/25,481,1.542382171,751,5.160360902,310,1.136058148,185,0.338985093,135,1.546046875,1167,1.389930497,122,0.715350163,11.82911385,91.61759258
4/16/25,480,1.561944714,826,5.759671132,318,1.182615283,177,0.329124065,150,1.743241868,1218,1.472132893,103,0.612877354,12.66160731,92.97289963
4/17/25,519,1.321403638,834,4.550167771,316,0.919490338,202,0.293887735,135,1.227563247,1265,1.196283117,115,0.535399437,10.04419528,72.74448874
4/18/25,531,1.587461472,744,4.766228147,310,1.059161811,201,0.343373426,140,1.494784813,1201,1.333604302,105,0.573997368,11.15861134,85.41627504
4/19/25,493,1.327728935,808,4.663017878,335,1.031096362,186,0.286244662,157,1.510094486,1254,1.254397978,88,0.433368262,10.50594856,76.94748974
4/20/25,513,1.354463099,755,4.271594152,291,0.878081341,218,0.32890332,160,1.508730826,1187,1.164061269,114,0.550385005,10.05621901,75.43654131
4/21/25,523,1.726328057,814,5.757570492,283,1.067579,220,0.414960035,148,1.744718331,1257,1.541104986,87,0.525113063,12.77737397,94.30909897
4/22/25,481,1.246651011,838,4.654114407,285,0.844183043,214,0.316938897,142,1.314407808,1153,1.109952599,103,0.488145142,9.974392906,74.0511441
4/23/25,506,1.488694615,801,5.049877413,288,0.968366006,203,0.341281769,152,1.597131433,1256,1.372524318,93,0.500322436,11.31819799,84.05954911
4/24/25,464,1.594075318,785,5.779013816,318,1.248561456,190,0.372997919,170,2.085843628,1192,1.521046252,98,0.615642882,13.21718127,98.15734719
4/25/25,484,1.280239851,824,4.670532631,314,0.949221519,189,0.285673355,168,1.587074195,1210,1.188794147,89,0.430474982,10.39201068,75.57496167
4/26/25,528,1.835799554,841,6.265858056,272,1.080817054,202,0.401332803,156,1.937126153,1171,1.512249817,100,0.635774737,13.66895817,99.33980271
4/27/25,510,1.781941216,809,6.057102706,293,1.169991656,197,0.39332484,148,1.846829832,1255,1.628704255,117,0.747516853,13.62541136,99.82863957
4/28/25,463,1.40446328,807,5.245611849,286,0.991487807,176,0.305073172,156,1.690036035,1213,1.366675807,107,0.593505988,11.59685394,86.66851464
4/29/25,492,1.29329574,777,4.376702046,291,0.874213845,185,0.277885844,138,1.295548868,1256,1.22630272,90,0.432600666,9.776549728,75.10428221
4/30/25,515,1.432683718,758,4.518616886,325,1.033280906,187,0.297266968,131,1.301536526,1137,1.17484039,106,0.539213667,10.29743906,79.48314664
5/1/25,462,1.337821473,799,4.95788199,318,1.052386465,196,0.324320357,132,1.365123952,1287,1.384235688,98,0.518912571,10.9406825,82.73478498
5/2/25,512,1.420692703,864,5.137326292,287,0.910131263,207,0.328218069,161,1.5955045,1203,1.239855646,109,0.553055374,11.18478385,79.27972673
5/3/25,527,1.446439698,821,4.828654075,267,0.83751564,227,0.356022566,134,1.313519379,1189,1.212123525,109,0.547051414,10.5413263,78.4190674
5/4/25,499,1.731949756,811,6.031826162,313,1.241569479,198,0.392700889,138,1.710628875,1208,1.557316861,105,0.666401509,13.33239353,99.16689128
5/5/25,524,1.368181328,779,4.358560201,286,0.853434809,207,0.308847912,163,1.519994251,1200,1.163774739,93,0.444024824,10.01681806,74.60094482
5/6/25,512,1.648637084,798,5.50619026,296,1.089278073,209,0.38455932,156,1.793996827,1212,1.449549436,86,0.506367104,12.3785781,91.99983726
5/7/25,484,1.186008509,765,4.016956211,315,0.882155089,219,0.306653912,156,1.365240019,1242,1.130418736,91,0.407751686,9.295184162,70.01230868
5/8/25,521,1.602591729,798,5.259945983,290,1.019471569,188,0.330449405,155,1.702781177,1166,1.332168107,116,0.652461804,11.89986977,87.88548008
5/9/25,527,1.797987061,809,5.914495253,286,1.115151639,189,0.368467937,168,2.047044092,1229,1.557410641,107,0.667531331,13.46808795,97.47829012
5/10/25,514,1.414698031,774,4.564937225,314,0.987693567,182,0.286242403,136,1.336846388,1229,1.256399691,102,0.513349013,10.36016632,78.63802282
5/11/25,513,1.356783567,775,4.392260919,314,0.949106187,200,0.302263117,140,1.322401137,1182,1.161143764,108,0.522310666,10.00626936,75.56577926
5/12/25,508,1.592206003,759,5.09765617,319,1.142663025,188,0.336709481,132,1.477581498,1168,1.35973318,106,0.607509872,11.61405923,89.55039385
5/13/25,474,1.51596172,827,5.667723069,303,1.107501872,211,0.385615338,170,1.941783397,1159,1.376792962,111,0.649149612,12.64452797,91.37804222
5/14/25,529,1.678216552,801,5.445253003,322,1.167454993,196,0.355312389,155,1.756167739,1196,1.409284955,104,0.603305934,12.41499556,90.64091557